@Comment Note: This is a pre-publication citation, to be updated once official publication has occurred.
@article{Mitchell:2015:GRIDiron,
 author = {Mitchell, Nathan and Cutting, Court and Sifakis, Eftychios},
 title = {GRIDiron: An Interactive Authoring and Cognitive Training Foundation for Reconstructive Plastic Surgery Procedures},
 journal = {ACM Trans. Graph.},
 issue_date = {July 2015},
 month = july,
 year = {2015},
 publisher = {ACM},
 address = {New York, NY, USA}
} 
